Scopus
EXPORT DATE: 28 June 2021

@ARTICLE{Myers,
author={Myers, A.L. and Prausnitz, J.M.},
title={Thermodynamics of mixed‚Äêgas adsorption},
journal={AIChE Journal},
year={1965},
volume={11},
number={1},
pages={121-127},
doi={10.1002/aic.690110125},
note={cited By 2553},
url={https://www.scopus.com/inward/record.uri?eid=2-s2.0-3342922327&doi=10.1002%2faic.690110125&partnerID=40&md5=cbc5cf2f0f9fe8e54a17c7bcca1b9a02},
document_type={Article},
source={Scopus},
}
Scopus
EXPORT DATE: 28 June 2021

@BOOK{Bejan,
author={Bejan, A.},
title={Advanced Engineering Thermodynamics},
journal={Advanced Engineering Thermodynamics},
year={2016},
pages={1-746},
doi={10.1002/9781119245964},
note={cited By 2480},
url={https://www.scopus.com/inward/record.uri?eid=2-s2.0-85019442444&doi=10.1002%2f9781119245964&partnerID=40&md5=d16ad88c2d5983304235775138095a2d},
document_type={Book},
source={Scopus},
}
