@book{einstein,
  title={Einstein's theory of relativity},
  author={Born, Max},
  year={1962},
  publisher={Courier Corporation}
}

@MISC{Britannica,
author = { Britannica ,The Editors of Encyclopedia},
title = {Time Dilation},
howpublished={\url{https://www.britannica.com/science/time-dilation}}
}

@MISC{Wikipedia,
author = { Wikipedia},
title = {Time Dilation},
howpublished={\url{https://en.wikipedia.org/wiki/Time_dilation}}
}

@MISC{ScienceAdvances,
author = { Sina Loriani ,Alexander Friedrich},
title = {Interference of clocks: A quantum twin paradox},
month = Oct,
year = {2019},
howpublished={\url{https://advances.sciencemag.org/content/5/10/eaax8966}}
}
