@MISC{fig,
author = {},
title = {},
month = sep,
year = {},
howpublished={\url{https://www.storyboardthat.com/space-words/gravitational-force}}
}
@MISC{webpage,
author = {},
title = {},
month = sep,
year = {},
howpublished={\url{https://en.wikipedia.org/wiki/Gravity}}
}
