@MISC{picture,
author = {},
title = {},
month = june,
year = {},
howpublished={\url{http://hyperphysics.phy-astr.gsu.edu/hbase/electric/elefie.html}}
}
@MISC{website,
author = {},
title = {},
month = june,
year = {},
howpublished={\url{https://en.wikipedia.org/wiki/Electric_field}}
}
