@MISC{info,
author = {},
title = {},
month = feb,
year = {},
howpublished={\url{https://www.britannica.com/science/E-mc2-equation}}
}
@MISC{fig-2,
author = {},
title = {},
month = feb,
year = {},
howpublished={\url{https://www.google.com/url?sa=i&url=https%3A%2F%2Fwww.slideshare.net%2FKajameson2014%2Fnuclear-fusion-5824192&psig=AOvVaw25eIUmRPP41v4-xYZ1gvQC&ust=1624977157138000&source=images&cd=vfe&ved=0CAoQjRxqFwoTCNDQjarZuvECFQAAAAAdAAAAABAD}}
}
@MISC{fig-1,
author = {},
title = {},
month = feb,
year = {},
howpublished={\url{https://www.google.com/url?sa=i&url=https%3A%2F%2Fwww.thoughtco.com%2Fnuclear-fission-definition-and-examples-4065372&psig=AOvVaw26mPKyi0lbylL5x-9P6Mk2&ust=1624976845376000&source=images&cd=vfe&ved=0CAoQjRxqFwoTCLi3l9TZuvECFQAAAAAdAAAAABAD}}
}
@MISC{info2,
author = {},
title = {},
month = feb,
year = {},
howpublished={\url{https://en.wikipedia.org/wiki/Mass%E2%80%93energy_equivalence}}
}
